<record><leader>00000cas a2200000 a 4500</leader><controlfield tag="001">41303107</controlfield><controlfield tag="008">990505c19969999nyuer ne      0    0eng c</controlfield><datafield ind1=" " ind2=" " tag="010"><subfield code="a">sn 99067207 </subfield></datafield><datafield ind1=" " ind2=" " tag="040"><subfield code="a">NYS</subfield><subfield code="b">eng</subfield><subfield code="c">NYS</subfield><subfield code="d">OCLCQ</subfield><subfield code="d">OCLCF</subfield><subfield code="d">OCLCO</subfield></datafield><datafield ind1="1" ind2=" " tag="029"><subfield code="a">AU@</subfield><subfield code="b">000020123948</subfield></datafield><datafield ind1=" " ind2=" " tag="037"><subfield code="b">322 Wall St, Kingston, NY 12401</subfield></datafield><datafield ind1=" " ind2=" " tag="042"><subfield code="a">pcc</subfield></datafield><datafield ind1=" " ind2=" " tag="043"><subfield code="a">n-us-ny</subfield></datafield><datafield ind1="0" ind2="4" tag="245"><subfield code="a">The New Saugerties times.</subfield></datafield><datafield ind1="1" ind2="7" tag="246"><subfield code="a">Saugerties times</subfield></datafield><datafield ind1=" " ind2=" " tag="260"><subfield code="a">Kingston, N.Y. :</subfield><subfield code="b">Ulster Pub. Co.,</subfield><subfield code="c">1996-</subfield></datafield><datafield ind1=" " ind2=" " tag="300"><subfield code="a">v. :</subfield><subfield code="b">ill.</subfield></datafield><datafield ind1=" " ind2=" " tag="310"><subfield code="a">Biweekly,</subfield><subfield code="b">Sept. 26-&lt;Dec. 18, 1997&gt;</subfield></datafield><datafield ind1=" " ind2=" " tag="321"><subfield code="a">Monthly,</subfield><subfield code="b">Nov. 21, 1996-Aug. 21, 1997</subfield></datafield><datafield ind1="0" ind2=" " tag="362"><subfield code="a">[Vol. 1, no. 1] (Sept. 26, 1996)-</subfield></datafield><datafield ind1=" " ind2=" " tag="500"><subfield code="a">"A Special Section of the Woodstock Times &amp; The Herald."</subfield></datafield><datafield ind1=" " ind2=" " tag="515"><subfield code="a">Numbering begins with vol. 1, no. 2 (Oct. 24, 1996).</subfield></datafield><datafield ind1=" " ind2=" " tag="580"><subfield code="a">Supplement to: Woodstock times, and: Herald (New Paltz, N.Y. : 1995).</subfield></datafield><datafield ind1=" " ind2=" " tag="588"><subfield code="a">Latest issue consulted: Vol. 2, no. 14 (Dec. 18, 1997).</subfield></datafield><datafield ind1=" " ind2="0" tag="651"><subfield code="a">Kingston (N.Y.)</subfield><subfield code="v">Newspapers.</subfield></datafield><datafield ind1=" " ind2="0" tag="651"><subfield code="a">Saugerties (N.Y.)</subfield><subfield code="v">Newspapers.</subfield></datafield><datafield ind1=" " ind2="0" tag="651"><subfield code="a">Ulster County (N.Y.)</subfield><subfield code="v">Newspapers.</subfield></datafield><datafield ind1=" " ind2="7" tag="655"><subfield code="a">Newspapers.</subfield><subfield code="2">fast</subfield><subfield code="0">(OCoLC)fst01423814</subfield></datafield><datafield ind1=" " ind2="7" tag="651"><subfield code="a">New York (State)</subfield><subfield code="z">Kingston.</subfield><subfield code="2">fast</subfield><subfield code="0">(OCoLC)fst01208819</subfield></datafield><datafield ind1=" " ind2="7" tag="651"><subfield code="a">New York (State)</subfield><subfield code="z">Saugerties.</subfield><subfield code="2">fast</subfield><subfield code="0">(OCoLC)fst01216690</subfield></datafield><datafield ind1=" " ind2="7" tag="651"><subfield code="a">New York (State)</subfield><subfield code="z">Ulster County.</subfield><subfield code="2">fast</subfield><subfield code="0">(OCoLC)fst01207948</subfield></datafield><datafield ind1="0" ind2=" " tag="730"><subfield code="a">Woodstock times.</subfield></datafield><datafield ind1="0" ind2=" " tag="730"><subfield code="a">Herald (New Paltz, N.Y. : 1995)</subfield></datafield><datafield ind1=" " ind2=" " tag="752"><subfield code="a">United States</subfield><subfield code="b">New York</subfield><subfield code="c">Ulster</subfield><subfield code="d">Kingston.</subfield></datafield><datafield ind1=" " ind2=" " tag="752"><subfield code="a">United States</subfield><subfield code="b">New York</subfield><subfield code="c">Ulster</subfield><subfield code="d">Saugerties.</subfield></datafield><datafield ind1="1" ind2=" " tag="772"><subfield code="t">Woodstock times</subfield><subfield code="w">(DLC)sn 90066347</subfield><subfield code="w">(OCoLC)22747737</subfield></datafield><datafield ind1="1" ind2=" " tag="772"><subfield code="t">Herald (New Paltz, N.Y. : 1995)</subfield><subfield code="w">(DLC)sn 96083609</subfield><subfield code="w">(OCoLC)35987915</subfield></datafield></record>